<record><leader>00000cas a22000007a 4500</leader><controlfield tag="001">16167671</controlfield><controlfield tag="008">870714d19051920msuwr ne      0   a0eng d</controlfield><datafield ind1=" " ind2=" " tag="010"><subfield code="a">sn 87065531 </subfield></datafield><datafield ind1=" " ind2=" " tag="040"><subfield code="a">MJA</subfield><subfield code="b">eng</subfield><subfield code="c">MJA</subfield><subfield code="d">MSJ</subfield><subfield code="d">OCLCQ</subfield><subfield code="d">DLC</subfield><subfield code="d">OCLCF</subfield></datafield><datafield ind1="0" ind2=" " tag="022"><subfield code="a">2469-9128</subfield><subfield code="2">1</subfield></datafield><datafield ind1=" " ind2=" " tag="042"><subfield code="a">msc</subfield></datafield><datafield ind1=" " ind2=" " tag="043"><subfield code="a">n-us-ms</subfield></datafield><datafield ind1="0" ind2="0" tag="050"><subfield code="a">Newspaper</subfield></datafield><datafield ind1="1" ind2="0" tag="082"><subfield code="a">071</subfield><subfield code="2">23</subfield></datafield><datafield ind1=" " ind2="4" tag="222"><subfield code="a">The Pascagoula chronicle</subfield><subfield code="b">(Print)</subfield></datafield><datafield ind1="0" ind2="4" tag="245"><subfield code="a">The Pascagoula chronicle.</subfield></datafield><datafield ind1=" " ind2=" " tag="260"><subfield code="a">Pascagoula, Miss. :</subfield><subfield code="b">[s.n.]</subfield></datafield><datafield ind1=" " ind2=" " tag="310"><subfield code="a">Weekly</subfield></datafield><datafield ind1="1" ind2=" " tag="362"><subfield code="a">Began in 1905; ceased in 1920.</subfield></datafield><datafield ind1=" " ind2=" " tag="588"><subfield code="a">Description based on: Vol. 9, no. 19 (Jan. 6, 1906).</subfield></datafield><datafield ind1=" " ind2=" " tag="530"><subfield code="a">Archived issues are available in digital format from the Library of Congress Chronicling America online collection.</subfield></datafield><datafield ind1=" " ind2="0" tag="651"><subfield code="a">Pascagoula (Miss.)</subfield><subfield code="v">Newspapers.</subfield></datafield><datafield ind1=" " ind2="7" tag="655"><subfield code="a">Newspapers.</subfield><subfield code="2">fast</subfield><subfield code="0">(OCoLC)fst01423814</subfield></datafield><datafield ind1=" " ind2="7" tag="651"><subfield code="a">Mississippi</subfield><subfield code="z">Pascagoula.</subfield><subfield code="2">fast</subfield><subfield code="0">(OCoLC)fst01208520</subfield></datafield><datafield ind1=" " ind2=" " tag="752"><subfield code="a">United States</subfield><subfield code="b">Mississippi</subfield><subfield code="c">Jackson</subfield><subfield code="d">Pascagoula.</subfield></datafield><datafield ind1="0" ind2="8" tag="776"><subfield code="i">Online version:</subfield><subfield code="t">Pascagoula chronicle</subfield><subfield code="x">2469-9128</subfield><subfield code="w">(DLC)  2015270730</subfield><subfield code="w">(OCoLC)918942491</subfield></datafield><datafield ind1="0" ind2="0" tag="780"><subfield code="t">Scranton chronicle</subfield><subfield code="w">(OCoLC)16307808</subfield></datafield><datafield ind1="0" ind2="7" tag="785"><subfield code="t">Pascagoula Democrat-star</subfield><subfield code="x">2378-1831</subfield><subfield code="w">(DLC)sn 87065532</subfield><subfield code="w">(OCoLC)15213992</subfield></datafield><datafield ind1="0" ind2="7" tag="785"><subfield code="t">Chronicle-star</subfield><subfield code="w">(OCoLC)16167848</subfield></datafield><datafield ind1="4" ind2="1" tag="856"><subfield code="u">http://www.loc.gov/chroniclingamerica/lccn/sn87065531/issues</subfield></datafield></record>